<?xml version="1.0" encoding="UTF-8"?><collection xmlns="http://www.loc.gov/MARC21/slim"><record><leader>00359nam--2200133-i-4500</leader><controlfield tag="001">000002271</controlfield><controlfield tag="002">20161230</controlfield><controlfield tag="005">20161230201024</controlfield><controlfield tag="008">060222s1000------------r-----000-0-eng-d</controlfield><datafield ind1=" " ind2=" " tag="100"><subfield code="a">Filipescu, Dumitru</subfield></datafield><datafield ind1=" " ind2=" " tag="245"><subfield code="a">Vranceanu, gheorghe</subfield></datafield><datafield ind1=" " ind2=" " tag="260"><subfield code="a">Elemente De Geometrie Integrala</subfield></datafield><datafield ind1=" " ind2=" " tag="490"><subfield code="a">Bucuresti, Editura Academiei R.S.R., 1982. 261 P</subfield></datafield><datafield ind1=" " ind2=" " tag="852"><subfield code="a">514.765.7</subfield></datafield></record></collection>